<record><leader>00000cas a22000007a 4500</leader><controlfield tag="001">20404418</controlfield><controlfield tag="008">890927d19151937mouwr ne      0    0eng d</controlfield><datafield ind1=" " ind2=" " tag="010"><subfield code="a">sn 89066863 </subfield></datafield><datafield ind1=" " ind2=" " tag="040"><subfield code="a">MQN</subfield><subfield code="b">eng</subfield><subfield code="c">MQN</subfield><subfield code="d">OCLCQ</subfield></datafield><datafield ind1=" " ind2=" " tag="042"><subfield code="a">msc</subfield></datafield><datafield ind1="0" ind2="4" tag="245"><subfield code="a">The Conway weekly record.</subfield></datafield><datafield ind1=" " ind2=" " tag="260"><subfield code="a">Conway, Mo. :</subfield><subfield code="b">W.M. Bear,</subfield><subfield code="c">1915-1937.</subfield></datafield><datafield ind1=" " ind2=" " tag="300"><subfield code="a">v.</subfield></datafield><datafield ind1=" " ind2=" " tag="310"><subfield code="a">Weekly</subfield></datafield><datafield ind1="0" ind2=" " tag="362"><subfield code="a">Vol. 24, no. 48 (Jan. 7, 1915)-v. 45, no. 8 (Apr. 29, 1937).</subfield></datafield><datafield ind1=" " ind2=" " tag="500"><subfield code="a">Publication moved to Lebanon, Mo., Apr. 22, 1937.</subfield></datafield><datafield ind1=" " ind2="4" tag="651"><subfield code="a">Conway (Mo.)</subfield><subfield code="v">Newspapers.</subfield></datafield><datafield ind1=" " ind2="4" tag="651"><subfield code="a">Laclede County (Mo.)</subfield><subfield code="v">Newspapers.</subfield></datafield><datafield ind1=" " ind2=" " tag="752"><subfield code="a">United States</subfield><subfield code="b">Missouri</subfield><subfield code="c">Laclede</subfield><subfield code="d">Lebanon.</subfield></datafield><datafield ind1=" " ind2=" " tag="752"><subfield code="a">United States</subfield><subfield code="b">Missouri</subfield><subfield code="c">Laclede</subfield><subfield code="d">Conway.</subfield></datafield><datafield ind1="0" ind2="0" tag="780"><subfield code="t">Conway record (Conway, Mo.)</subfield><subfield code="w">(DLC)sn 89066862</subfield></datafield><datafield ind1="0" ind2="0" tag="785"><subfield code="t">Laclede County record</subfield><subfield code="w">(DLC)sn 89066981</subfield></datafield></record>